<?xml version="1.0" encoding="UTF-8"?>
<collection xmlns:xsi="http://www.w3.org/2001/XMLSchema-instance" xsi:schemaLocation="http://www.loc.gov/MARC21/slim http://www.loc.gov/standards/marcxml/schema/MARC21slim.xsd" xmlns="http://www.loc.gov/MARC21/slim">
<record>
  <leader>00580cam a2200205M  4500</leader>
  <controlfield tag="001">2981084</controlfield>
  <controlfield tag="003">NNC</controlfield>
  <controlfield tag="005">20150817132356.0</controlfield>
  <controlfield tag="008">890301s1882    ua            000 0 ara d</controlfield>
  <datafield tag="035" ind1=" " ind2=" ">
    <subfield code="a">(OCoLC)ocm23490259</subfield>
  </datafield>
  <datafield tag="035" ind1=" " ind2=" ">
    <subfield code="9">ASM8218CU</subfield>
  </datafield>
  <datafield tag="035" ind1=" " ind2=" ">
    <subfield code="a">(NNC)2981084</subfield>
  </datafield>
  <datafield tag="040" ind1=" " ind2=" ">
    <subfield code="a">EYM</subfield>
    <subfield code="c">EYM</subfield>
    <subfield code="d">ZCU</subfield>
  </datafield>
  <datafield tag="050" ind1=" " ind2="4">
    <subfield code="a">PJ 7812</subfield>
    <subfield code="b">.A3823 A8</subfield>
  </datafield>
  <datafield tag="090" ind1=" " ind2=" ">
    <subfield code="a">PJ7814.L5</subfield>
    <subfield code="b">A45</subfield>
  </datafield>
  <datafield tag="100" ind1="0" ind2=" ">
    <subfield code="a">ʻAlī Mubārak,</subfield>
    <subfield code="c">Bāshā,</subfield>
    <subfield code="d">1823 or 1824-1893.</subfield>
  </datafield>
  <datafield tag="245" ind1="1" ind2="0">
    <subfield code="a">ʻAlam al-dīn.</subfield>
  </datafield>
  <datafield tag="260" ind1=" " ind2=" ">
    <subfield code="a">al-Iskandarīyah :</subfield>
    <subfield code="b">Maṭbaʻat Jarīdat al-Maḥrūsah,</subfield>
    <subfield code="c">1882</subfield>
  </datafield>
  <datafield tag="300" ind1=" " ind2=" ">
    <subfield code="a">4 v. (1490 p.)</subfield>
    <subfield code="c">24 cm.</subfield>
  </datafield>
  <datafield tag="955" ind1=" " ind2=" ">
    <subfield code="b">0038769735</subfield>
    <subfield code="d">glx</subfield>
    <subfield code="e">PJ7814.L5 A45</subfield>
    <subfield code="v">pt.3</subfield>
  </datafield>
</record>
</collection>